@article{Navarro-Prieto,
    title =        "Are visual programming languages better? The role of imagery in program comprehension",
    author =       "Navarro-Prieto, R. and Cañas, J.",
    journal =      "International Journal of Human-Computer Studies",
    volume =       "54",
    number =       "6",
    pages =        "799-829",
    year =         "2001",
    DOI =          "10.1006/ijhc.2000.0465"
}

@article{Weintrop,
    title =        "To block or not to block, that is the question: Students’ perceptions of blocks-based programming",
    author =       "Weintrop, D. and Wilensky, U.",
    journal =      "IDC '15: Proceedings of the 14th International Conference on Interaction Design and Children",
    volume =       "54",
    number =       "6",
    pages =        "199–208",
    year =         "2015",
    DOI =          "10.1006/ijhc.2000.0465"
}

@article{Rodriguez,
    title =        "A Study on the Suitability of Visual Languages for Non-Expert Robot Programmers",
    author =       "Rodríguez Corral, J. M. and  Ruíz-Rube, I. and  Civit Balcells, A. and Mota-Macías, J. M. and Morgado-Estévez, A. and Dodero, J. M.",
    journal =      "IEEE Access",
    volume =       "7",
    pages =        "17535-17550",
    year =         "2019",
    DOI =          "10.1109/ACCESS.2019.2895913"
}

@book{egenfeldt-nielsen_smith_tosca_2020, 
    title={Understanding video games: the essential introduction},
    place={New York},  
    publisher={Routledge}, 
    author={Egenfeldt-Nielsen, S. and Heide, J. and Pajares, S.}, 
    year={2020}
}

@article{maccormick_zaman_2019, 
    title={SuBViS: the use of subjunctive visual programming environments for exploring alternatives in game development}, 
    DOI={10.1145/3337722.3337740}, 
    journal={Proceedings of the 14th International Conference on the Foundations of Digital Games}, author={Maccormick, D. and Zaman, L.}, 
    year={2019},
    number =       "27",
    pages =        "1–11",
}


@inproceedings{10.1145/3337722.3337753,
    title = {Game Design Frameworks: Where Do We Start?},
    author = {O’Shea, Zo\"{e} and Freeman, Jonathan},
    year = {2019},
    isbn = {9781450372176},
    publisher = {Association for Computing Machinery},
    address = {New York, NY, USA},
    url = {https://doi.org/10.1145/3337722.3337753},
    doi = {10.1145/3337722.3337753},
    booktitle = {Proceedings of the 14th International Conference on the Foundations of Digital Games},
    articleno = {25},
    numpages = {10},
    keywords = {player motivation, involvement, player typology, games, game design frameworks, survey},
    location = {San Luis Obispo, California},
    series = {FDG ’19}
}

@misc{game_developers_conference, 
    title={State of the Game Industry Report}, url={https://reg.gdconf.com/GDC-State-of-Game-Industry-2020}, 
    journal={Game Developers Conference},
    year = {2020},
    author = {Game Developers Conference GDC}
}

@INPROCEEDINGS{1652039,
    title={Empirical Validation of Test-Driven Pair Programming in Game Development}, 
    author={ {Shaochun Xu} and V. {Rajlich}},
    booktitle={5th IEEE/ACIS International Conference on Computer and Information Science and 1st IEEE/ACIS International Workshop on Component-Based Software Engineering,Software Architecture and Reuse (ICIS-COMSAR'06)}, 
    year={2006},
    volume={},
    number={},
    pages={500-505},}
  
@inproceedings{Playability-Quality-Videogames,
    title = {Playability as Extension of Quality in Use in Video Games.},
    author = {González, José and Montero, Francisco and Padilla-Zea, Natalia and Vela, Francisco Luis},
    year = {2009},
    month = {01},
    pages = {}
}

@inproceedings{Metric-Suite-Videogames,
    title = {A Metric Suite for Evaluating Interactive Scenarios in Video Games: An Empirical Validation},
    author = {Paschali, Eleni and Ampatzoglou, Apostolos and Escourrou, Remi and Chatzigeorgiou, Alexander and Stamelos, Ioannis},
    year = {2020},
    isbn = {9781450368667},
    publisher = {Association for Computing Machinery},
    address = {New York, NY, USA},
    url = {https://doi.org/10.1145/3341105.3373985},
    doi = {10.1145/3341105.3373985},
    booktitle = {Proceedings of the 35th Annual ACM Symposium on Applied Computing},
    pages = {1614–1623},
    numpages = {10},
    keywords = {evaluation, metrics, computer games, interactive scenarios},
    location = {Brno, Czech Republic},
    series = {SAC ’20}
}

@INPROCEEDINGS{quality-metric-mobile-games,
title={Defining usability quality metric for mobile game prototype using software attributes},  
author={S. {Pavapootanont} and N. {Prompoon}},  
booktitle={2015 6th IEEE International Conference on Software Engineering and Service Science (ICSESS)},   
year={2015},
volume={},  
number={},  
pages={730-736},
}

@INPROCEEDINGS{Playability-Heuristic,  
    author={S. {Soomro} and W. F. W. {Ahmad} and S. {Sulaiman}},  booktitle={2014 International Conference on Computer and Information Sciences (ICCOINS)},   
    title={Evaluation of mobile games with playability heuristic evaluation system},   
    year={2014},  
    volume={},  
    number={},  
    pages={1-6},
}